@book{dixon2005fluid,
  title={Fluid Mechanics and Thermodynamics of Turbomachinery},
  author={Dixon, S.L.},
  isbn={9780080470627},
  lccn={2004022864},
  url={https://books.google.hu/books?id=QE1RCR4LfyQC},
  year={2005},
  publisher={Elsevier Science}
}

